<record><leader>00000cas a2200000 a 4500</leader><controlfield tag="001">22884294</controlfield><controlfield tag="008">901221d19641979iludn ne      0   a0eng c</controlfield><datafield ind1=" " ind2=" " tag="010"><subfield code="a">sn 90061509 </subfield></datafield><datafield ind1=" " ind2=" " tag="040"><subfield code="a">MQN</subfield><subfield code="b">eng</subfield><subfield code="c">MQN</subfield><subfield code="d">NVF</subfield><subfield code="d">OCLCQ</subfield><subfield code="d">NVF</subfield><subfield code="d">OCLCQ</subfield><subfield code="d">OCLCF</subfield><subfield code="d">NVF</subfield><subfield code="d">OCLCO</subfield></datafield><datafield ind1="1" ind2=" " tag="029"><subfield code="a">AU@</subfield><subfield code="b">000025852947</subfield></datafield><datafield ind1=" " ind2=" " tag="042"><subfield code="a">pcc</subfield></datafield><datafield ind1=" " ind2=" " tag="043"><subfield code="a">n-us-il</subfield></datafield><datafield ind1="0" ind2="0" tag="245"><subfield code="a">Metro-east journal.</subfield></datafield><datafield ind1="3" ind2=" " tag="246"><subfield code="a">Metro east journal</subfield></datafield><datafield ind1=" " ind2=" " tag="260"><subfield code="a">East St. Louis, Ill. :</subfield><subfield code="b">[publisher not identified],</subfield><subfield code="c">1964-1979.</subfield></datafield><datafield ind1=" " ind2=" " tag="300"><subfield code="a">v.</subfield></datafield><datafield ind1=" " ind2=" " tag="310"><subfield code="a">Daily (except Saturday)</subfield></datafield><datafield ind1="0" ind2=" " tag="362"><subfield code="a">76th year, no. 260 (Nov. 1, 1964)-91st year, no. 77 (Mar. 30, 1979).</subfield></datafield><datafield ind1=" " ind2=" " tag="515"><subfield code="a">Suspended with Dec. 6, 1964 issue due to strike; resumed with Apr. 2, 1965 issue.</subfield></datafield><datafield ind1=" " ind2="0" tag="651"><subfield code="a">East Saint Louis (Ill.)</subfield><subfield code="v">Newspapers.</subfield></datafield><datafield ind1=" " ind2="7" tag="651"><subfield code="a">Illinois</subfield><subfield code="z">East Saint Louis.</subfield><subfield code="2">fast</subfield><subfield code="0">(OCoLC)fst01213679</subfield></datafield><datafield ind1=" " ind2="7" tag="655"><subfield code="a">Newspapers.</subfield><subfield code="2">fast</subfield><subfield code="0">(OCoLC)fst01423814</subfield></datafield><datafield ind1=" " ind2=" " tag="752"><subfield code="a">United States</subfield><subfield code="b">Illinois</subfield><subfield code="c">Saint Clair</subfield><subfield code="d">East Saint Louis.</subfield></datafield><datafield ind1="0" ind2="0" tag="780"><subfield code="t">St. Clair and Madison Counties evening journal</subfield><subfield code="w">(DLC)sn 92053740</subfield><subfield code="w">(OCoLC)25055632</subfield></datafield></record>